@article{verifying-computations-walfish,
    author = {Walfish, Michael and Blumberg, Andrew J.},
    title = {Verifying Computations Without Reexecuting Them},
    journal = {Commun. ACM},
    issue_date = {February 2015},
    volume = {58},
    number = {2},
    month = jan,
    year = {2015},
    issn = {0001-0782},
    pages = {74--84},
    numpages = {11},
    url = {http://doi.acm.org/10.1145/2641562},
    doi = {10.1145/2641562},
    acmid = {2641562},
    publisher = {ACM},
    address = {New York, NY, USA},
} 

@article{muggles-goldwasser,
    author = {Goldwasser, Shafi and Kalai, Yael Tauman and Rothblum, Guy N.},
    title = {Delegating Computation: Interactive Proofs for Muggles},
    journal = {J. ACM},
    issue_date = {August 2015},
    volume = {62},
    number = {4},
    month = sep,
    year = {2015},
    issn = {0004-5411},
    pages = {27:1--27:64},
    articleno = {27},
    numpages = {64},
    url = {http://doi.acm.org/10.1145/2699436},
    doi = {10.1145/2699436},
    acmid = {2699436},
    publisher = {ACM},
    address = {New York, NY, USA},
    keywords = {Delegating computation, interactive proofs, verifiable computing},
} 

@inproceedings{zerocash,
    author={E. B. Sasson and A. Chiesa and C. Garman and M. Green and I. Miers and E. Tromer and M. Virza},
    booktitle={2014 IEEE Symposium on Security and Privacy},
    title={Zerocash: Decentralized Anonymous Payments from Bitcoin},
    year={2014},
    volume={},
    number={},
    pages={459-474},
    keywords={data privacy;electronic money;Bitcoin;DAP schemes;Zero cash;Zerocash;decentralized anonymous payment schemes;decentralized anonymous payments;full-fledged ledger-based digital currency;payment transactions;privacy guarantees;public decentralized ledger;zero-knowledge succinct noninteractive arguments of knowledge;zk-SNARKs;Logic gates;Online banking;Privacy;Protocols;Public key;Bitcoin;decentralized electronic cash;zero knowledge},
    doi={10.1109/SP.2014.36},
    ISSN={1081-6011},
    month={May},
}

@inproceedings{snarks,
    author = {Ben-Sasson, Eli and Chiesa, Alessandro and Tromer, Eran and Virza, Madars},
    title = {Succinct Non-interactive Zero Knowledge for a Von Neumann Architecture},
    booktitle = {Proceedings of the 23rd USENIX Conference on Security Symposium},
    series = {SEC'14},
    year = {2014},
    isbn = {978-1-931971-15-7},
    location = {San Diego, CA},
    pages = {781--796},
    numpages = {16},
    url = {http://dl.acm.org/citation.cfm?id=2671225.2671275},
    acmid = {2671275},
    publisher = {USENIX Association},
    address = {Berkeley, CA, USA},
} 

@online{pepper-website,
    author = {Pepper-project},
    title = {Pepper: toward practical verifiable computation},
    year = 2012,
    url = {https://www.pepper-project.org/index.htm},
    urldate = {2018-06-18}
}

@inproceedings{verifying-computation-by-checkpoints,
    author={S. M. Khan and K. W. Hamlen},
    booktitle={2013 13th IEEE/ACM International Symposium on Cluster, Cloud, and Grid Computing},
    title={Computation Certification as a Service in the Cloud},
    year={2013},
    volume={},
    number={},
    pages={434-441},
    keywords={Java;checkpointing;cloud computing;trusted computing;Hadoop MapReduce;Java;SECaaS;check pointing mechanism;cloud parallelism;cloud replication;cloud-aware device;commodity clouds;computation certification;computation integrity;hardware components;mobile device;original computation;parallel zed;resource-rich;security as a service;serial computations;trusted cloud;untrusted computations;untrusted computing environments;untrusted hardware;untrusted hosts;Hardware;Java;Mobile communication;Mobile handsets;Parallel processing;Semantics;Software;Hadoop MapReduce;cloud computing;computation integrity;result checking;software security},
    doi={10.1109/CCGrid.2013.75},
    ISSN={},
    month={May},
}

@article{verifiable-cloud-computing-for-mobile,
    author    = {Sriram Nandha Premnath and Zygmunt J. Haas},
    title     = {A Practical, Secure, and Verifiable Cloud Computing for Mobile Systems},
    journal   = {CoRR},
    volume    = {abs/1410.1389},
    year      = {2014},
    url       = {http://arxiv.org/abs/1410.1389},
    archivePrefix = {arXiv},
    eprint    = {1410.1389},
    timestamp = {Wed, 07 Jun 2017 14:42:01 +0200},
    biburl    = {https://dblp.org/rec/bib/journals/corr/PremnathH14},
    bibsource = {dblp computer science bibliography, https://dblp.org}
}

@article{integrity-checking-remote-computation,
    author = {Falcarin, Paolo and Scandariato, Riccardo and Baldi, Mario and Ofek, Yoram},
    year = {2005},
    month = {01},
    title = {Integrity checking in remote computation}
}

@online{docker-website,
    author = {{Docker Inc}},
    title = {Docker - Build, Ship, and Run Any App, Anywhere},
    year = 2018,
    url = {https://www.docker.com/},
    urldate = {2018-06-20}
}
